@inproceedings{Albinsson,
 author = {Albinsson, P\"{a}r-Anders and Zhai, Shumin},
 title = {High Precision Touch Screen Interaction},
 booktitle = {Proceedings of the SIGCHI Conference on Human Factors in Computing Systems},
 series = {CHI '03},
 year = {2003},
 isbn = {1-58113-630-7},
 location = {Ft. Lauderdale, Florida, USA},
 pages = {105--112},
 numpages = {8},
 url = {http://doi.acm.org/10.1145/642611.642631},
 doi = {10.1145/642611.642631},
 acmid = {642631},
 publisher = {ACM},
 address = {New York, NY, USA},
 keywords = {touch screens},
} 
@inproceedings{Tinwala:2010:ETE:1868914.1868972,
 author = {Tinwala, Hussain and MacKenzie, I. Scott},
 title = {Eyes-free Text Entry with Error Correction on Touchscreen Mobile Devices},
 booktitle = {Proceedings of the 6th Nordic Conference on Human-Computer Interaction: Extending Boundaries},
 series = {NordiCHI '10},
 year = {2010},
 isbn = {978-1-60558-934-3},
 location = {Reykjavik, Iceland},
 pages = {511--520},
 numpages = {10},
 url = {http://doi.acm.org/10.1145/1868914.1868972},
 doi = {10.1145/1868914.1868972},
 acmid = {1868972},
 publisher = {ACM},
 address = {New York, NY, USA},
 keywords = {Graffiti, auditory display, error correction, eyes-free, finger input, gestural input, mobile computing, text entry, touchscreen},
}  	
@misc{UNTelecommunications,
 title = {Statistics},
 howpublished = {\url{http://www.itu.int/en/ITU-D/Statistics/Pages/stat/default.aspx}},
 note = {Accessed: 2014-11-20},
} 
@inproceedings{Kane:2011:UGB:1978942.1979001,
 author = {Kane, Shaun K. and Wobbrock, Jacob O. and Ladner, Richard E.},
 title = {Usable Gestures for Blind People: Understanding Preference and Performance},
 booktitle = {Proceedings of the SIGCHI Conference on Human Factors in Computing Systems},
 series = {CHI '11},
 year = {2011},
 isbn = {978-1-4503-0228-9},
 location = {Vancouver, BC, Canada},
 pages = {413--422},
 numpages = {10},
 url = {http://doi.acm.org/10.1145/1978942.1979001},
 doi = {10.1145/1978942.1979001},
 acmid = {1979001},
 publisher = {ACM},
 address = {New York, NY, USA},
 keywords = {accessibility, blind, gesture recognition, gestures, touch screens},
} 
@misc{Tactus,
 title = {Tactus Technology},
 howpublished = {\url{http://tactustechnology.com/}},
 note = {Accessed: 2014-10-08},
} 
@inproceedings{Forlines,
 author = {Forlines, Clifton and Balakrishnan, Ravin},
 title = {Evaluating Tactile Feedback and Direct vs. Indirect Stylus Input in Pointing and Crossing Selection Tasks},
 booktitle = {Proceedings of the SIGCHI Conference on Human Factors in Computing Systems},
 series = {CHI '08},
 year = {2008},
 isbn = {978-1-60558-011-1},
 location = {Florence, Italy},
 pages = {1563--1572},
 numpages = {10},
 url = {http://doi.acm.org/10.1145/1357054.1357299},
 doi = {10.1145/1357054.1357299},
 acmid = {1357299},
 publisher = {ACM},
 address = {New York, NY, USA},
 keywords = {crossing interfaces, direct \& indirect input, haptic \& tactile feedback, pen/stylus input},
} 
@ARTICLE{73754, 
author={Shneiderman, B.}, 
journal={Software, IEEE}, 
title={Touch screens now offer compelling uses}, 
year={1991}, 
month={March}, 
volume={8}, 
number={2}, 
pages={93-94}, 
keywords={touch sensitive screens;user interfaces;future developments;touch screen applications;user interfaces;Application software;Computer aided instruction;Computer displays;Computer science;Cultural differences;Fingers;Information resources;Marketing and sales;Mice;Psychology}, 
doi={10.1109/52.73754}, 
ISSN={0740-7459},
}
@inproceedings{Hardy:2008:TIT:1409240.1409267,
 author = {Hardy, Robert and Rukzio, Enrico},
 title = {Touch \& Interact: Touch-based Interaction of Mobile Phones with Displays},
 booktitle = {Proceedings of the 10th International Conference on Human Computer Interaction with Mobile Devices and Services},
 series = {MobileHCI '08},
 year = {2008},
 isbn = {978-1-59593-952-4},
 location = {Amsterdam, The Netherlands},
 pages = {245--254},
 numpages = {10},
 url = {http://doi.acm.org/10.1145/1409240.1409267},
 doi = {10.1145/1409240.1409267},
 acmid = {1409267},
 publisher = {ACM},
 address = {New York, NY, USA},
 keywords = {dynamic display, mobile interaction, touch \& interact},
} 
@inproceedings{El-Glaly:2013:TTF:2460625.2460665,
 author = {El-Glaly, Yasmine N. and Quek, Francis and Smith-Jackson, Tonya and Dhillon, Gurjot},
 title = {Touch-screens Are Not Tangible: Fusing Tangible Interaction with Touch Glass in Readers for the Blind},
 booktitle = {Proceedings of the 7th International Conference on Tangible, Embedded and Embodied Interaction},
 series = {TEI '13},
 year = {2013},
 isbn = {978-1-4503-1898-3},
 location = {Barcelona, Spain},
 pages = {245--253},
 numpages = {9},
 url = {http://doi.acm.org/10.1145/2460625.2460665},
 doi = {10.1145/2460625.2460665},
 acmid = {2460665},
 publisher = {ACM},
 address = {New York, NY, USA},
 keywords = {blindness, overlay, reader, tactile, touch screen},
} 
@book{Norman02,
  abstract = {First, businesses discovered quality as a key competitive edge; next came service. Now, Donald A. Norman, former Director of the Institute for Cognitive Science at the University of California, reveals how smart design is the new competitive frontier. The Design of Everyday Things is a powerful primer on how and why some products satisfy customers while others only frustrate them.},
  added-at = {2012-05-30T11:06:53.000+0200},
  address = {New York},
  author = {Norman, Donald A.},
  biburl = {http://www.bibsonomy.org/bibtex/23fa27aa09c4a244762ac03019e4a4bd3/flint63},
  edition = {Reprint Paperback},
  file = {Amazon Search inside:http\://www.amazon.de/gp/reader/0465067107/:URL},
  groups = {public},
  interhash = {c6fd1560a6892285580779b96140f88c},
  intrahash = {3fa27aa09c4a244762ac03019e4a4bd3},
  isbn = {0-465-06710-7},
  keywords = {v1205 book cognitive science user interface design},
  publisher = {Basic Books},
  timestamp = {2012-05-30T11:06:53.000+0200},
  title = {The Design of Everyday Things},
  username = {flint63},
  year = 2002
}
@article{Buxton:1986:HID:22339.22386,
 author = {Buxton, W. and Foulds, R. and Rosen, M. and Scadden, L. and Shein, F.},
 title = {Human Interface Design and the Handicapped User},
 journal = {SIGCHI Bull.},
 issue_date = {April 1986},
 volume = {17},
 number = {4},
 month = apr,
 year = {1986},
 issn = {0736-6906},
 pages = {291--297},
 numpages = {7},
 url = {http://doi.acm.org/10.1145/22339.22386},
 doi = {10.1145/22339.22386},
 acmid = {22386},
 publisher = {ACM},
 address = {New York, NY, USA},
} 
@inproceedings{conf/chi/KaneWL11,
  added-at = {2011-05-11T00:00:00.000+0200},
  author = {Kane, Shaun K. and Wobbrock, Jacob O. and Ladner, Richard E.},
  biburl = {http://www.bibsonomy.org/bibtex/2029d05ff6c80d7eaa8f362baeb7d6999/dblp},
  booktitle = {CHI},
  crossref = {conf/chi/2011},
  editor = {Tan, Desney S. and Amershi, Saleema and Begole, Bo and Kellogg, Wendy A. and Tungare, Manas},
  ee = {http://doi.acm.org/10.1145/1978942.1979001},
  interhash = {d2034170e9d018407c75981a53488b56},
  intrahash = {029d05ff6c80d7eaa8f362baeb7d6999},
  isbn = {978-1-4503-0228-9},
  keywords = {dblp},
  pages = {413-422},
  publisher = {ACM},
  timestamp = {2011-05-11T00:00:00.000+0200},
  title = {Usable gestures for blind people: understanding preference and performance.},
  url = {http://dblp.uni-trier.de/db/conf/chi/chi2011.html#KaneWL11},
  year = 2011
}
@inproceedings{Kane:2011:AOI:2047196.2047232,
 author = {Kane, Shaun K. and Morris, Meredith Ringel and Perkins, Annuska Z. and Wigdor, Daniel and Ladner, Richard E. and Wobbrock, Jacob O.},
 title = {Access Overlays: Improving Non-visual Access to Large Touch Screens for Blind Users},
 booktitle = {Proceedings of the 24th Annual ACM Symposium on User Interface Software and Technology},
 series = {UIST '11},
 year = {2011},
 isbn = {978-1-4503-0716-1},
 location = {Santa Barbara, California, USA},
 pages = {273--282},
 numpages = {10},
 url = {http://doi.acm.org/10.1145/2047196.2047232},
 doi = {10.1145/2047196.2047232},
 acmid = {2047232},
 publisher = {ACM},
 address = {New York, NY, USA},
 keywords = {accessibility, blindness, touch screens, visual impairments},
} 
@inproceedings{Kane:2008:SRM:1414471.1414487,
 author = {Kane, Shaun K. and Bigham, Jeffrey P. and Wobbrock, Jacob O.},
 title = {Slide Rule: Making Mobile Touch Screens Accessible to Blind People Using Multi-touch Interaction Techniques},
 booktitle = {Proceedings of the 10th International ACM SIGACCESS Conference on Computers and Accessibility},
 series = {Assets '08},
 year = {2008},
 isbn = {978-1-59593-976-0},
 location = {Halifax, Nova Scotia, Canada},
 pages = {73--80},
 numpages = {8},
 url = {http://doi.acm.org/10.1145/1414471.1414487},
 doi = {10.1145/1414471.1414487},
 acmid = {1414487},
 publisher = {ACM},
 address = {New York, NY, USA},
 keywords = {accessibility, blindness, mobile devices, multi-touch interaction techniques, speech output, touch screens},
} 
@inproceedings{Lee:2009:PTS:1518701.1518750,
 author = {Lee, Seungyon and Zhai, Shumin},
 title = {The Performance of Touch Screen Soft Buttons},
 booktitle = {Proceedings of the SIGCHI Conference on Human Factors in Computing Systems},
 series = {CHI '09},
 year = {2009},
 isbn = {978-1-60558-246-7},
 location = {Boston, MA, USA},
 pages = {309--318},
 numpages = {10},
 url = {http://doi.acm.org/10.1145/1518701.1518750},
 doi = {10.1145/1518701.1518750},
 acmid = {1518750},
 publisher = {ACM},
 address = {New York, NY, USA},
 keywords = {buttons, feedback, finger, input, keyboard, mobile, stylus, tangible interface, touch screen},
} 
@inproceedings{Bonner:2010:NNA:2166616.2166649,
 author = {Bonner, Matthew N. and Brudvik, Jeremy T. and Abowd, Gregory D. and Edwards, W. Keith},
 title = {No-look Notes: Accessible Eyes-free Multi-touch Text Entry},
 booktitle = {Proceedings of the 8th International Conference on Pervasive Computing},
 series = {Pervasive'10},
 year = {2010},
 isbn = {3-642-12653-7, 978-3-642-12653-6},
 location = {Helsinki, Finland},
 pages = {409--426},
 numpages = {18},
 url = {http://dx.doi.org/10.1007/978-3-642-12654-3_24},
 doi = {10.1007/978-3-642-12654-3_24},
 acmid = {2166649},
 publisher = {Springer-Verlag},
 address = {Berlin, Heidelberg},
 keywords = {accessibility, eyes-free, mobile device, multi-touch, text entry, touchscreen},
} 
@inproeedings{Yfantidis:2006:ABI:1137579.1137584,
 author = {Yfantidis, Georgios and Evreinov, Grigori},
 title = {Adaptive Blind Interaction Technique for Touchscreens},
 journal = {Univers. Access Inf. Soc.},
 issue_date = {May 2006},
 volume = {4},
 number = {4},
 month = may,
 year = {2006},
 issn = {1615-5289},
 pages = {328--337},
 numpages = {10},
 url = {http://dx.doi.org/10.1007/s10209-004-0109-7},
 doi = {10.1007/s10209-004-0109-7},
 acmid = {1137584},
 publisher = {Springer-Verlag},
 address = {Berlin, Heidelberg},
 keywords = {Assistive user interface, Blind and visually disabled users, Dwell time, Gesture, Text entry},
} 
