@inproceedings{Baudisch,
 author = {Baudisch, Patrick and Good, Nathaniel},
 title = {Focus Plus Context Screens: Displays for Users Working with Large Visual Documents},
 booktitle = {CHI '02 Extended Abstracts on Human Factors in Computing Systems},
 series = {CHI EA '02},
 year = {2002},
 isbn = {1-58113-454-1},
 location = {Minneapolis, Minnesota, USA},
 pages = {492--493},
 numpages = {2},
 url = {http://doi.acm.org/10.1145/506443.506445},
 doi = {10.1145/506443.506445},
 acmid = {506445},
 publisher = {ACM},
 address = {New York, NY, USA},
 keywords = {focus plus context screens, overview + detail, zooming},
}
@inproceedings{Hirsch,
 author = {Hirsch, Matthew and Lanman, Douglas and Holtzman, Henry and Raskar, Ramesh},
 title = {BiDi Screen: A Thin, Depth-sensing LCD for 3D Interaction Using Light Fields},
 journal = {ACM Trans. Graph.},
 issue_date = {December 2009},
 volume = {28},
 number = {5},
 month = dec,
 year = {2009},
 issn = {0730-0301},
 pages = {159:1--159:9},
 articleno = {159},
 numpages = {9},
 url = {http://doi.acm.org/10.1145/1618452.1618505},
 doi = {10.1145/1618452.1618505},
 acmid = {1618505},
 publisher = {ACM},
 address = {New York, NY, USA},
 keywords = {3D interaction, 3D reconstruction, LCD, depth from focus, image-based relighting, lensless imaging, light field},
} 
@inproceedings{Albinsson,
 author = {Albinsson, P\"{a}r-Anders and Zhai, Shumin},
 title = {High Precision Touch Screen Interaction},
 booktitle = {Proceedings of the SIGCHI Conference on Human Factors in Computing Systems},
 series = {CHI '03},
 year = {2003},
 isbn = {1-58113-630-7},
 location = {Ft. Lauderdale, Florida, USA},
 pages = {105--112},
 numpages = {8},
 url = {http://doi.acm.org/10.1145/642611.642631},
 doi = {10.1145/642611.642631},
 acmid = {642631},
 publisher = {ACM},
 address = {New York, NY, USA},
 keywords = {touch screens},
} 
@inproceedings{Cathode,
author = {Shionoya, Shigeo and Yamamoto, Hajime},
title = {Cathode Ray Tube},
year = {2003},
publisher = {Plenum Publishing Corporation},
pages = {17},
doi = {10.1016/S0165-5817(97)84688-8},
}
@inproceedings{Tinwala:2010:ETE:1868914.1868972,
 author = {Tinwala, Hussain and MacKenzie, I. Scott},
 title = {Eyes-free Text Entry with Error Correction on Touchscreen Mobile Devices},
 booktitle = {Proceedings of the 6th Nordic Conference on Human-Computer Interaction: Extending Boundaries},
 series = {NordiCHI '10},
 year = {2010},
 isbn = {978-1-60558-934-3},
 location = {Reykjavik, Iceland},
 pages = {511--520},
 numpages = {10},
 url = {http://doi.acm.org/10.1145/1868914.1868972},
 doi = {10.1145/1868914.1868972},
 acmid = {1868972},
 publisher = {ACM},
 address = {New York, NY, USA},
 keywords = {Graffiti, auditory display, error correction, eyes-free, finger input, gestural input, mobile computing, text entry, touchscreen},
} 
@misc{Tactus,
 title = {Tactus Technology},
 howpublished = {\url{http://tactustechnology.com/}},
 note = {Accessed: 2014-10-08},
} 